@article{queller1997cooperators,
  author = {Queller, David C.},
  title = {Cooperators since life began},
  journal = {The Quarterly Review of Biology},
  volume = {72},
  number = {2},
  pages = {184-188},
  year = {1997},
  doi = {10.1086/419766},
  editor = {Erk, Frank C. and Williams, George C.},
  publisher = {University of Chicago Press},
  address = {Chicago, IL}
}

@inproceedings{goldsby2010evolution,
  title={Evolution of division of labor in genetically homogenous groups},
  author={Goldsby, Heather J and Knoester, David B and Ofria, Charles},
  booktitle={Proceedings of the 12th Annual Conference on Genetic and Evolutionary Computation},
  pages={135--142},
  year={2010},
  publisher={ACM},
  address={New York, NY},
  editor={Pelikan, Martin and Branke, J{\"u}rgen}
}


@article{ratcliff2012experimental,
  title={Experimental evolution of multicellularity},
  author={Ratcliff, William C and Denison, R Ford and Borrello, Mark and Travisano, Michael},
  journal={Proceedings of the National Academy of Sciences},
  volume={109},
  number={5},
  pages={1595--1600},
  year={2012},
  publisher={National Academy of Sciences}
}

@article{taylor2016open,
  title={Open-ended evolution: Perspectives from the OEE workshop in York},
  author={Taylor, Tim and Bedau, Mark and Channon, Alastair and Ackley, David and Banzhaf, Wolfgang and Beslon, Guillaume and Dolson, Emily and Froese, Tom and Hickinbotham, Simon and Ikegami, Takashi and others},
  journal={Artificial Life},
  volume={22},
  number={3},
  pages={408--423},
  year={2016},
  publisher={MIT Press},
  address = {Cambridge, MA}
}

@article{bedau2003artificial,
  title={Artificial life: organization, adaptation and complexity from the bottom up},
  author={Bedau, Mark A},
  journal={Trends in Cognitive Sciences},
  volume={7},
  number={11},
  pages={505--512},
  year={2003},
  publisher={Elsevier}
}

@inproceedings{lin1994coarse,
  title={Coarse-grain parallel genetic algorithms: Categorization and new approach},
  author={Lin, Shyh Chang and Punch, William F and Goodman, Erik D},
  booktitle={Proceedings of the Sixth Institute of Electrical and Electronics Engineers Symposium on Parallel and Distributed Processing},
  pages={28--37},
  year={1994},
  location={Dallas, TX},
  publisher={IEEE},
  address={New York, NY},
  editor={Anon}
}

@article{west2015major,
  title={Major evolutionary transitions in individuality},
  author={West, Stuart A and Fisher, Roberta M and Gardner, Andy and Kiers, E Toby},
  journal={Proceedings of the National Academy of Sciences},
  volume={112},
  number={33},
  pages={10112--10119},
  year={2015},
  publisher={National Academy of Sciences}
}


@InProceedings{real17a,
  title = 	 {Large-scale evolution of image classifiers},
  author = 	 {Esteban Real and Sherry Moore and Andrew Selle and Saurabh Saxena and Yutaka Leon Suematsu and Jie Tan and Quoc V. Le and Alexey Kurakin},
  booktitle = 	 {Proceedings of the 34th International Conference on Machine Learning},
  pages = 	 {2902--2911},
  year = 	 {2017},
  editor = 	 {Precup, Doina and Yee Whye Teh},
  address = 	 {Sydney, Australia},
  month = 	 {06--11 Aug},
  publisher = 	 {PMLR}
}

@inproceedings{clune2007investigating,
  author = {Clune, Jeff and Ofria, Charles and Pennock, Robert T.},
  title = {Investigating the Emergence of Phenotypic Plasticity in Evolving Digital Organisms},
  booktitle = {Proceedings of the 9th European Conference on Advances in Artificial Life},
  year = {2007},
  isbn = {978-3-540-74912-7},
  location = {Lisbon, Portugal},
  pages = {74--83},
  numpages = {10},
  acmid = {1771400},
  publisher = {Springer-Verlag},
  address = {Berlin, Heidelberg},
  editor = {Costa, Fernando Almeida e and Rocha, Luis Mateus and Costa, Ernesto and Harvey, Inman and Coutinho, Ant\'{o}nio}
}


@inproceedings{lalejini2016evolutionary,
  address = {Cambridge, MA},
  author = {Lalejini, Alexander and Ofria, Charles},
  booktitle = {Proceedings of the Artificial Life Conference 2016},
  doi = {10.7551/978-0-262-33936-0-ch063},
  isbn = {978-0-262-33936-0},
  pages = {372--379},
  publisher = {MIT Press},
  title = {{The evolutionary origins of phenotypic plasticity}},
  year = {2016},
  editor = {Gershenson, Carlos and Froese, Tom and Siqueiros, J. Mario and Aguilar, Wendy and Izquierdo, Eduardo and Sayama, Hiroki}
}

@article{goldsby2012task,
  title={Task-switching costs promote the evolution of division of labor and shifts in individuality},
  author={Goldsby, Heather J and Dornhaus, Anna and Kerr, Benjamin and Ofria, Charles},
  journal={Proceedings of the National Academy of Sciences},
  volume={109},
  number={34},
  pages={13686--13691},
  year={2012},
  publisher={National Academy of Sciences}
}

@article{goldsby2014evolutionary,
  author = {Goldsby, Heather J. AND Knoester, David B. AND Ofria, Charles AND Kerr, Benjamin},
  journal = {PLOS Biology},
  publisher = {Public Library of Science},
  title = {The Evolutionary Origin of Somatic Cells under the Dirty Work Hypothesis},
  year = {2014},
  month = {05},
  volume = {12},
  pages = {e1001858},
  abstract = {Experimental evolution of digital organisms suggests that mutagenic side effects associated with performing valuable metabolic work can produce germ-soma differentiation in multicellular organisms.},
  number = {5},
  doi = {10.1371/journal.pbio.1001858}
}

@inproceedings{goldsby2017increasing,
  title={Increasing the complexity of solutions produced by an evolutionary developmental system},
  author={Goldsby, Heather J and Young, Rebecca L and Hofmann, Hans A and Hintze, Arend},
  booktitle={Proceedings of the Genetic and Evolutionary Computation Conference Companion},
  pages={57--58},
  year={2017},
  location={Portland, OR},
  publisher={ACM},
  address={New York, NY},
  editor={Pelikan, Martin and Branke, J{\"u}rgen}
}

@book{smith1997major,
  address={New York},
  title={The major transitions in evolution},
  author={Maynard Smith, J. and Szathmary, E.},
  isbn={9780198502944},
  lccn={gb97075289},
  year={1997},
  publisher={Oxford University Press}
}

@article{ray1996evolving,
  title={Evolving parallel computation},
  author={Ray, Thomas S and Thearling, Kurt},
  journal={Complex Systems},
  volume={10},
  number={3},
  pages={229--237},
  year={1996},
  publisher={Complex Systems Publications},
  address={Champaign, IL}

}

@article{ofria2004avida,
  title={Avida: A software platform for research in computational evolutionary biology},
  author={Ofria, Charles and Wilke, Claus O},
  journal={Artificial life},
  volume={10},
  number={2},
  pages={191--229},
  year={2004},
  publisher={MIT Press},
  address = {Cambridge, MA}
}

@article{banzhaf2016defining,
  title={Defining and simulating open-ended novelty: Requirements, guidelines, and challenges},
  author={Banzhaf, Wolfgang and Baumgaertner, Bert and Beslon, Guillaume and Doursat, Ren{\'e} and Foster, James A and McMullin, Barry and De Melo, Vinicius Veloso and Miconi, Thomas and Spector, Lee and Stepney, Susan and White, Roger},
  journal={Theory in Biosciences},
  volume={135},
  number={3},
  pages={131--161},
  year={2016},
  publisher={Springer},
  editor={Jost, J. and Ay, N. and Laubichler, M. and Stadler, P.F.}
}

@article{ereshefsky2015rethinking,
  title={Rethinking evolutionary individuality},
  author={Ereshefsky, Marc and Pedroso, Makmiller},
  journal={Proceedings of the National Academy of Sciences},
  volume={112},
  number={33},
  pages={10126--10132},
  year={2015},
  publisher={National Academy of Sciences}
}

@incollection{bouchard2013symbiotic,
  title={What is a symbiotic superindividual and how do you measure its fitness},
  author={Bouchard, Fr{\'e}d{\'e}ric},
  booktitle={From groups to individuals: evolution and emerging individuality},
  year={2013},
  month = {01},
  pages = {243-264},
  publisher={MIT Press},
  address = {Cambridge, MA},
  editor={Bouchard, Fr{\'e}d{\'e}ric and Huneman, Philippe}
}

@inproceedings{ackley2011pursue,
 author = {Ackley, David H. and Cannon, Daniel C.},
 title = {Pursue robust indefinite scalability},
 booktitle = {Proceedings of the 13th USENIX Conference on Hot Topics in Operating Systems},
 year = {2011},
 location = {Napa, CA},
 pages = {8--13},
 numpages = {5},
 acmid = {1991607},
 publisher = {USENIX Association},
 address = {Berkeley, CA},
 editor = {Welsh, Matt}
}

@inproceedings{ackley2016indefinite,
 author = {Ackley, David H.},
 title = {Indefinite scalability for living computation},
 booktitle = {Proceedings of the Thirtieth Association for the Advancement of Artificial Intelligence Conference on Artificial Intelligence},
 year = {2016},
 location = {Phoenix, AZ},
 pages = {4142--4146},
 numpages = {5},
 acmid = {3016502},
 publisher = {AAAI Press},
 address = {Palo Alto, CA},
 editor = {Schuurmans, Dale and Wellman, Michael}
}
